
@inbook{borgesExactitude,
  title={Collected Fictions},
  author={Borges, Jorge Luis},
  translator={Hurley, Andrew},
  year={1998},
  publisher={Viking New York},
  chapter={On Exactitude in Science}
}

@article{box1976science,
  title={Science and Statistics},
  author={Box, George EP},
  journal={Journal of the American Statistical Association},
  volume={71},
  number={356},
  pages={791--799},
  year={1976},
  publisher={Taylor \& Francis}
}

@book{billingsley2008probability,
  title={Probability and Measure},
  author={Billingsley, Patrick},
  year={2008},
  publisher={John Wiley \& Sons}
}

@book{koller2009probabilistic,
  title={Probabilistic Graphical Models: Principles and Techniques},
  author={Koller, Daphne and Friedman, Nir},
  year={2009},
  publisher={MIT Press}
}

@article{milch2010extending,
  title={Extending {Bayesian} Networks to the Open-Universe Case},
  author={Milch, Brian and Russell, Stuart},
  journal={Heuristics, Probability and Causality: A Tribute to {Judea} {Pearl}},
  year={2010}
}

@inproceedings{titsias2009variational,
  title={Variational Learning of Inducing Variables in Sparse {Gaussian} Processes},
  author={Titsias, Michalis K},
  booktitle={International Conference on Artificial Intelligence and Statistics (AISTATS)},
  year={2009}
}

@inproceedings{titsias2010bayesian,
  title={{Bayesian} {Gaussian} Process Latent Variable Model},
  author={Titsias, Michalis K and Lawrence, Neil D},
  booktitle={International Conference on Artificial Intelligence and Statistics (AISTATS)},
  year={2010}
}

@article{damianou2014,
Author = {Andreas C. Damianou and Michalis K. Titsias and Neil D. Lawrence},
Title = {Variational Inference for Latent Variables and Uncertain Inputs in {Gaussian} Processes},
Year = 2015,
journal={Journal of Machine Learning Research (JMLR)},
}

@inproceedings{lawrence2004gaussian,
  title={{Gaussian} Process Latent Variable Models for Visualisation of High Dimensional Data},
  author={Lawrence, Neil D},
  booktitle={Advances in Neural Information Processing Systems (NIPS)},
  year={2004},
}

@inproceedings{milch2005approximate,
  title={Approximate Inference for Infinite Contingent {Bayesian} Networks.},
  author={Milch, Brian and Marthi, Bhaskara and Sontag, David and Russell, Stuart and Ong, Daniel L and Kolobov, Andrey},
  booktitle={Artificial Intelligence and Statistics (AISTATS)},
  year={2005},
}

@article{gorbachev2010senate,
  title={The {Senate}'s Next Task: Ratifying the Nuclear Test Ban Treaty},
  author={Gorbachev, Mikhail},
  journal={The New York Times},
  date=2010,
  month=12,
  day=28,  
}

@TechReport{eiareport16,
    title = {Annual Coal Report},
    year = {2016},
    author ={{US Energy Information Administration}},
    howpublished={\url{http://www.eia.gov/coal/annual/}}
}

@techreport{usgswells,
  title = {Magnitude 6.0 NEVADA},
  organization = {U.S. Geological Survey},
  org-short = {USGS},
  year=2008,
  url = {http://earthquake.usgs.gov/earthquakes/eqinthenews/2008/us2008nsa9/},
  note = {Accessed: 2016-06-21}
}

@inproceedings{moore2015gprf,
  title={{Gaussian} Process Random Fields},
  author={Moore, David and Russell, Stuart},
  booktitle={Advances in Neural Information Processing Systems (NIPS)},
  pages={3357--3365},
  year={2015}
}

@article{arora2013net,
  title={NET-VISA: {Network} {Processing} {Vertically} {Integrated} {Seismic} {Analysis}},
  author={Nimar Arora and Stuart Russell and Erik Sudderth},
  journal={Bulletin of the Seismological Society of America},
  volume={103},
  number={2A},
  pages={709--729},
  year={2013},
  publisher={Seismological Society of America}
}

@inproceedings{arora2010global,
  title={Global seismic monitoring as probabilistic inference},
  author={Arora, Nimar and Russell, Stuart J and Kidwell, Paul and Sudderth, Erik B},
  booktitle={Advances in Neural Information Processing Systems},
  pages={73--81},
  year={2010}
}


@book{lindley1972bayesian,
  title={Bayesian Statistics: A Review},
  author={Lindley, Dennis Victor},
  year={1972},
  publisher={SIAM}
}

@article{dempster1977maximum,
  title={Maximum Likelihood from Incomplete Data via the {EM} Algorithm},
  author={Dempster, Arthur P and Laird, Nan M and Rubin, Donald B},
  journal={Journal of the royal statistical society. Series B (methodological)},
  pages={1--38},
  year={1977},
  publisher={JSTOR}
}

@book{rasmussen2006,
  title={{Gaussian} Processes for Machine Learning},
  author={Rasmussen, Carl and Williams, Chris},
  year={2006},
  publisher={MIT Press}
}

@book{adler1981geometry,
  title={The Geometry of Random Fields},
  author={Adler, RJ},
  address={Chichester},
  publisher={Wiley},
  year={1981}
}

@phdthesis{duvenaud2014automatic,
  title={Automatic Model Construction with {Gaussian} Processes},
  author={Duvenaud, David},
  year={2014},
  school={University of Cambridge}
}

@article{waldhauser2000double,
  title={A Double-Difference Earthquake Location Algorithm: Method and Application to the Northern Hayward Fault, California},
  author={Waldhauser, Felix and Ellsworth, William L},
  journal={Bulletin of the Seismological Society of America},
  volume={90},
  number={6},
  pages={1353--1368},
  year={2000},
  publisher={Seismological Society of America}
}


@article{smith2011preliminary,
  title={Preliminary Analysis of the Mw 6.0 Wells, Nevada, Earthquake Sequence},
  author={Smith, Kenneth and Pechmann, Jim and Meremonte, Mark and Pankow, Kristine},
  journal={Nevada Bureau of Mines and Geology Special Publication},
  volume={36},
  pages={127--145},
  year={2011},
}

@unpublished{arora2015seismicity,
title= {{U}sing {ISC} Data to Build a Prior of Seismicity for {NET-VISA}},
author = {Nimar Arora and Dmitry Storchak and Stuart Russell},
year = {2015},
note= {CTBT: Science and Technology 2015 Conference (SnT2015) presentation},
URL= {https://www.ctbto.org/fileadmin/user_upload/SnT2015/SnT2015_Orals/T3.3-O9.pdf},
}

@book{gutenberg1954seismicity,
  title={Seismicity of the Earth and Associated Phenomena},
  author={Gutenberg, Beno and Richter, Charles},
  year={1954},
  publisher={Princeton University Press},
  location={New Jersey}
}

@phdthesis{cua2005creating,
  title={Creating the {Virtual Seismologist}: Developments in Ground Motion Characterization and Seismic Early Warning},
  author={Cua, Georgia B},
  year={2005},
  school={California Institute of Technology}
}

@article{mayeda2003stable,
  title={Stable and Transportable Regional Magnitudes Based on Coda-derived Moment-rate Spectra},
  author={Mayeda, Kevin and Hofstetter, Abraham and O'Boyle, Jennifer L and Walter, William R},
  journal={Bulletin of the Seismological Society of America},
  volume={93},
  number={1},
  pages={224--239},
  year={2003},
  publisher={Seismological Society of America}
}

@article{kennett1991traveltimes,
  title={Traveltimes for Global Earthquake Location and Phase Identification},
  author={Kennett, BLN and Engdahl, ER},
  journal={Geophysical Journal International},
  volume={105},
  number={2},
  pages={429--465},
  year={1991},
  publisher={Oxford University Press}
}

@article{brune1970tectonic,
  title={Tectonic Stress and the Spectra of Seismic Shear Waves from Earthquakes},
  author={Brune, James N},
  journal={Journal of {G}eophysical {R}esearch},
  volume={75},
  number={26},
  pages={4997--5009},
  year={1970},
}

@article{simmons2012llnl,
  title={LLNL-G3Dv3: Global {P} Wave Tomography Model for Improved Regional and Teleseismic Travel Time Prediction},
  author={Simmons, Nathan A and Myers, Steve C and Johannesson, Gardar and Matzel, Eric},
  journal={Journal of Geophysical Research: Solid Earth},
  volume={117},
  number={B10},
  year={2012},
}


@article{mueller1971seismic,
  title={Seismic Characteristics of Underground Nuclear Detonations Part I. Seismic Spectrum Scaling},
  author={Mueller, Richard A and Murphy, John R},
  journal={Bulletin of the Seismological Society of America},
  volume=61,
  number=6,
  pages={1675--1692},
  year=1971,
  publisher={Seismological Society of America}
}

@book{shumway2010time,
  title={Time Series Analysis and its Applications: with R examples},
  author={Shumway, Robert H and Stoffer, David S},
  year={2010},
  publisher={Springer Texts in Statistics}
}

@book{mallat1999wavelet,
  title={A Wavelet Tour of Signal Processing},
  author={Mallat, Stephane},
  year={1999},
  publisher={Academic Press}
}

@inproceedings{daubechies1992ten,
  title={Ten Lectures on Wavelets},
  author={Daubechies, Ingrid},
  booktitle={Regional conference Series in Applied Mathematics (SIAM)},
  year={1992},
  address={Philadelphia}
  
}

@inproceedings{wang2015smart,
  title={A Smart-Dumb/Dumb-Smart Algorithm for Efficient Split-Merge {MCMC}},
  author={Wang, Wei and Russell, Stuart},
  booktitle={Proceedings of Uncertainty in Artificial Intelligence (UAI)},
  year={2015}
}

@article{storvik2011,
  title={On the Flexibility of {Metropolis--Hastings} Acceptance Probabilities in Auxiliary Variable Proposal Generation},
  author={Storvik, Geir},
  journal={Scandinavian Journal of Statistics},
  volume={38},
  number={2},
  pages={342--358},
  year={2011},
  publisher={Wiley Online Library}
}

@article{duda1972use,
  title={Use of the {Hough} Transformation to Detect Lines and Curves in Pictures},
  author={Duda, Richard O and Hart, Peter E},
  journal={Communications of the ACM},
  volume={15},
  number={1},
  pages={11--15},
  year={1972},
}

@article{withers1998comparison,
  title={A Comparison of Select Trigger Algorithms for Automated Global Seismic Phase and Event Detection},
  author={Withers, Mitchell and Aster, Richard and Young, Christopher and Beiriger, Judy and Harris, Mark and Moore, Susan and Trujillo, Julian},
  journal={Bulletin of the Seismological Society of America},
  volume={88},
  number={1},
  pages={95--106},
  year={1998},
  publisher={Seismological Society of America},
}

@book{kanasewich1981time,
  title={Time Sequence Analysis in Geophysics},
  author={Kanasewich, Ernest R},
  year={1981},
  publisher={University of Alberta}
}

@book{mackay2003information,
  title={Information Theory, Inference and Learning Algorithms},
  author={MacKay, David JC},
  year={2003},
  publisher={Cambridge university press}
}

@article{hastie2012model,
  title={Model Choice Using Reversible Jump {Markov} chain {Monte Carlo}},
  author={Hastie, David I and Green, Peter J},
  journal={Statistica Neerlandica},
  volume={66},
  number={3},
  pages={309--338},
  year={2012},
}

@article{andrieu2003introduction,
  title={An Introduction to {MCMC} for Machine Learning},
  author={Andrieu, Christophe and De Freitas, Nando and Doucet, Arnaud and Jordan, Michael I},
  journal={Machine learning},
  volume={50},
  number={1-2},
  pages={5--43},
  year={2003},
  publisher={Springer}
}

@article{krige1951statistical,
  title={A Statistical Approach to some Basic Mine Valuation Problems on the {Witwatersrand}},
  author={Krige, D},
  journal={Journal of Chemical, Metallurgical, and Mining Society of South Africa},
  year={1951}
}

@techreport{idc2002,
  title={{IDC} Processing of Seismic, Hydroacoustic, and Infrasonic Data},
  author={Le Bras, Ronan and Jan Wuster and Science Applications International Corporation},
  number={IDC5.2.1Rev1},
  institution={IDC Documentation Series},
  year={2002}
}


@article{jurkevics1988polarization,
  title={Polarization Analysis of Three-Component Array Data},
  author={Jurkevics, Andy},
  journal={Bulletin of the Seismological Society of America},
  volume={78},
  number={5},
  pages={1725--1743},
  year={1988},
  publisher={Seismological Society of America}
}

@article{storchak2003iaspei,
  title={The {IASPEI} Standard Seismic Phase List},
  author={Storchak, Dmitry A and Schweitzer, Johannes and Bormann, Peter},
  journal={Seismological Research Letters},
  volume={74},
  number={6},
  pages={761--772},
  year={2003},
}

@article{myers2007bayesian,
  title={A {Bayesian} Hierarchical Method for Multiple-event Seismic Location},
  author={Myers, Stephen C and Johannesson, Gardar and Hanley, William},
  journal={Geophysical Journal International},
  volume={171},
  number={3},
  pages={1049--1063},
  year={2007},
  publisher={Oxford University Press}
}

@techreport{lebras1994ga,
  author={Ronan Le Bras and H. Swanger and T. Sereno and G. Beall and R. Jenkins},
  title={Global Association},
  number={ADA304805},
  institution={Science Applications International Corp},
  address={San Diego, CA},
  year={1994},
  month={November},
  url={http://handle.dtic.mil/100.2/ADA304805}
}

@article{geiger1912probability,
  title={Probability method for the determination of earthquake epicenters from the arrival time only},
  author={Geiger, Ludwig},
  journal={Bull. St. Louis Univ},
  volume={8},
  number={1},
  pages={56--71},
  year={1912}
}

@article{magotra1987seismic,
  title={Seismic event detection and source location using single-station (three-component) data},
  author={Magotra, N and Ahmed, N and Chael, E},
  journal={Bulletin of the Seismological Society of America},
  volume={77},
  number={3},
  pages={958--971},
  year={1987},
  publisher={Seismological Society of America}
}

@article{roberts1989real,
  title={Real-time event detection, phase identification and source location estimation using single station three-component seismic data},
  author={Roberts, RG and Christoffersson, A and Cassidy, F},
  journal={Geophysical Journal International},
  volume={97},
  number={3},
  pages={471--480},
  year={1989},
  publisher={Oxford University Press}
}

@unpublished{sandia2015,
  title={Improved Bulletin Generation using an Iterative Processing Framework},
  author={Sandy Ballard and Andre Encarnacao and Chip Brogan and Stephen Heck and Megan Slinkard and Rudy Sandoval and Ben Lawry and Tim Draelos and Chris Young},
  year = {2015},
  note= {CTBT: Science and Technology 2015 Conference (SnT2015) presentation},  
  url={https://www.ctbto.org/fileadmin/user_upload/SnT2015/SnT2015_Posters/T3.3-P16.pdf},
}

@article{schaff2004repeating,
  title={Repeating Seismic Events in {China}},
  author={Schaff, David P and Richards, Paul G},
  journal={Science},
  volume={303},
  number={5661},
  pages={1176--1178},
  year={2004},
  publisher={American Association for the Advancement of Science}
}

@article{slinkard2013applying,
  title={Applying Waveform Correlation to Three Aftershock Sequences},
  author={Slinkard, Megan E and Carr, Dorthe B and Young, Christopher J},
  journal={Bulletin of the Seismological Society of America},
  volume={103},
  number={2A},
  pages={675--693},
  year={2013},
  publisher={Seismological Society of America}
}

@article{slinkard2014multistation,
  title={Multistation Validation of Waveform Correlation Techniques
as Applied to Broad Regional Monitoring},
  author={Slinkard, Megan and Schaff, David and Mikhailova, Natalya and Heck, Stephen and Young, Christopher and Richards, Paul G},
  journal={Bulletin of the Seismological Society of America},
  volume={104},
  number={6},
  pages={2768--2781},
  year={2014},
  publisher={Seismological Society of America}
}

@article{schaff2010one,
  title={One Magnitude Unit Reduction in Detection Threshold by Cross Correlation Applied to {Parkfield} ({California}) and {China} Seismicity},
  author={Schaff, David P and Waldhauser, Felix},
  journal={Bulletin of the Seismological Society of America},
  volume={100},
  number={6},
  pages={3224--3238},
  year={2010},
  publisher={Seismological Society of America}
}

@inproceedings{bobrov2016cross,
  title={Cross Comparison of Four {DPRK} Events},
  author={Bobrov, Dmitry and Kitov, Ivan and Rozhkov, Mikhail},
  booktitle={EGU General Assembly Conference Abstracts},
  volume={18},
  pages={6620},
  year={2016}
}

@article{anstey1964correlation,
  title={Correlation Techniques---A Review},
  author={Anstey, Nigel Allister},
  journal={Geophysical Prospecting},
  volume={12},
  number={4},
  pages={355--382},
  year={1964}
}

@article{gibbons2006detection,
  title={The Detection of Low Magnitude Seismic Events using Array-Based Waveform Correlation},
  author={Gibbons, Steven J and Ringdal, Frode},
  journal={Geophysical Journal International},
  volume={165},
  number={1},
  pages={149--166},
  year={2006},
  publisher={Oxford University Press}
}

@techreport{harris1997waveform,
  title={Waveform Correlation Methods for Identifying Populations of Calibration Events},
  author={Harris, David B},
  year={1997},
  institution={Lawrence Livermore National Lab., CA (United States)}
}

@article{waldhauser2008large,
  title={Large-scale Relocation of Two Decades of Northern {California} Seismicity using Cross-Correlation and Double-Difference Methods},
  author={Waldhauser, Felix and Schaff, David P},
  journal={Journal of Geophysical Research: Solid Earth},
  volume={113},
  number={B8},
  year={2008},
  publisher={Wiley Online Library}
}

@article{schaff2011finding,
  title={On Finding and Using Repeating Seismic Events in and near {China}},
  author={Schaff, David P and Richards, Paul G},
  journal={Journal of Geophysical Research: Solid Earth},
  volume={116},
  number={B3},
  year={2011},
  publisher={Wiley Online Library}
}

@article{schaff2004optimizing,
  title={Optimizing Correlation Techniques for Improved Earthquake Location},
  author={Schaff, David P and Bokelmann, Gotz HR and Ellsworth, William L and Zanzerkia, Eva and Waldhauser, Felix and Beroza, Gregory C},
  journal={Bulletin of the Seismological Society of America},
  volume={94},
  number={2},
  pages={705--721},
  year={2004},
  publisher={Seismological Society of America}
}

@article{gibbons2012seismic,
  title={Seismic Monitoring of the {North} {Korea} Nuclear Test Site using a Multichannel Correlation Detector},
  author={Gibbons, Steven J and Ringdal, Frode},
  journal={IEEE Transactions on Geoscience and Remote Sensing},
  volume={50},
  number={5},
  pages={1897--1909},
  year={2012},
  publisher={IEEE}
}

@article{schaff2012seismological,
  title={Seismological Constraints on Proposed Low-Yield Nuclear Testing in Particular Regions and Time Periods in the Past},
  author={Schaff, David P and Kim, Won-Young and Richards, Paul G},
  journal={Science and Global Security},
  volume={20},
  number={2-3},
  pages={155--171},
  year={2012},
  publisher={Taylor and Francis}
}

@article{kelly1976synthetic,
  title={Synthetic Seismograms: A Finite-Difference Approach},
  author={Kelly, KR and Ward, RW and Treitel, Sven and Alford, RM},
  journal={Geophysics},
  volume={41},
  number={1},
  pages={2--27},
  year={1976},
  publisher={Society of Exploration Geophysicists}
}

@book{shearer2009introduction,
  title={Introduction to Seismology},
  author={Shearer, Peter M},
  year={2009},
  publisher={Cambridge University Press}
}

@article{komatitsch1998spectral,
  title={The Spectral Element Method: An Efficient Tool to Simulate the Seismic Response of {2D} and {3D} Geological Structures},
  author={Komatitsch, Dimitri and Vilotte, Jean-Pierre},
  journal={Bulletin of the seismological society of America},
  volume={88},
  number={2},
  pages={368--392},
  year={1998},
  publisher={Seismological Society of America}
}


@article{jing2014high,
  title={High-Frequency Seismogram Envelope Inversion Using a Multiple Nonisotropic Scattering Model: Application to Aftershocks of the 2008 {Wells} Earthquake},
  author={Jing, Yueling and Zeng, Yuehua and Lin, Gao},
  journal={Bulletin of the Seismological Society of America},
  year={2014},
  publisher={Seismological Society of America}
}

@article{pasyanos2012exploiting,
  title={Exploiting Regional Amplitude Envelopes: A Case Study for Earthquakes and Explosions in the {Korean} Peninsula},
  author={Pasyanos, Michael E and Walter, William R and Mayeda, Kevin M},
  journal={Bulletin of the Seismological Society of America},
  volume={102},
  number={5},
  pages={1938--1948},
  year={2012},
  publisher={Seismological Society of America}
}

@article{mayeda1993mb,
  title={mb ({LgCoda}): A Stable Single Station Estimator of Magnitude},
  author={Mayeda, Kevin},
  journal={Bulletin of the Seismological Society of America},
  volume={83},
  number={3},
  pages={851--861},
  year={1993},
  publisher={Seismological Society of America}
}

@article{aki1969analysis,
  title={Analysis of the Seismic Coda of Local Earthquakes as Scattered Waves},
  author={Aki, Keiiti},
  journal={Journal of geophysical research},
  volume={74},
  number={2},
  pages={615--631},
  year={1969},
  publisher={Wiley Online Library}
}

@book{sato2012seismic,
  title={Seismic Wave Propagation and Scattering in the Heterogeneous Earth},
  author={Sato, Haruo and Fehler, Michael C and Maeda, Takuto},
  volume={496},
  year={2012},
  publisher={Springer}
}

@article{utsu1961statistical,
  title={A Statistical Study on the Occurrence of Aftershocks.},
  author={Utsu, T},
  journal={Geophysical Magazine},
  volume={30},
  number={4},
  year={1961},
  publisher={Japan Meteorological Agency}
}

@book{gelman2014bayesian,
  title={{Bayesian} Data Analysis},
  author={Gelman, Andrew and Carlin, John B and Stern, Hal S and Rubin, Donald B},
  volume={2},
  year={2014},
  publisher={Chapman \& Hall/CRC Boca Raton, FL, USA}
}

@book{von1964mathematical,
  title={Mathematical Theory of Probability and Statistics},
  author={Von Mises, Richard},
  year={1964},
  publisher={Academic Press}
}


@article{abramovich1998wavelet,
  title={Wavelet Thresholding via a {Bayesian} Approach},
  author={Abramovich, Felix and Sapatinas, Theofanis and Silverman, Bernard W},
  journal={Journal of the Royal Statistical Society: Series B (Statistical Methodology)},
  volume={60},
  number={4},
  pages={725--749},
  year={1998},
  publisher={Wiley Online Library}
}

@article{ruggeri2005bayesian,
  title={{Bayesian} Modeling in the Wavelet Domain},
  author={Ruggeri, Fabrizio and Vidakovic, Brani},
  journal={Handbook of Statistics},
  volume={25},
  pages={315--338},
  year={2005},
  publisher={Elsevier}
}

@inproceedings{minka2001expectation,
  title={Expectation Propagation for Approximate {Bayesian} Inference},
  author={Minka, Thomas P},
  booktitle={Proceedings of Uncertainty in Artificial Intelligence (UAI)},
  pages={362--369},
  year={2001},
  organization={Morgan Kaufmann Publishers Inc.}
}

@article{mahalanobis1936generalized,
  title={On the Generalized Distance in Statistics},
  author={Mahalanobis, Prasanta Chandra},
  journal={Proceedings of the National Institute of Sciences (Calcutta)},
  volume={2},
  pages={49--55},
  year={1936}
}

@book{bishop2006pattern,
  title={Pattern Recognition and Machine Learning},
  author={Bishop, Christopher M},
  year={2006}
}

@inproceedings{milch2005blog,
  title={{BLOG}: Probabilistic Models with Unknown Objects},
  author={Milch, Brian and Marthi, Bhaskara and Russell, Stuart and Sontag, David and Ong, Daniel L and Kolobov, Andrey},
  booktitle={Proceedings of the 19th international joint conference on Artificial intelligence},
  pages={1352--1359},
  year={2005},
  organization={Morgan Kaufmann Publishers Inc.}
}

@inproceedings{li2015swift,
  title={{Swift}: Compiled Inference for Probabilistic Programming Languages},
  author={Yi Wu and Lei Li and Stuart Russell and Rastislav Bodik},
  year={2016},
  booktitle={Proceedings of the International Joint Conference on Artificial Intelligence (IJCAI)},
}


@article{mansinghka2014venture,
  title={{Venture}: A Higher-Order Probabilistic Programming Platform with Programmable Inference},
  author={Mansinghka, Vikash and Selsam, Daniel and Perov, Yura},
  journal={arXiv preprint arXiv:1404.0099},
  year={2014}
}

@article{carpenter2016stan,
  title={{Stan}: A Probabilistic Programming Language},
  author={Carpenter, Bob and Gelman, Andrew and Hoffman, Matt and Lee, Daniel and Goodrich, Ben and Betancourt, Michael and Brubaker, Michael A and Guo, Jiqiang and Li, Peter and Riddell, Allen},
  journal={Journal of Statistical Software},
  year={2016}
}

@book{grewal2014kalman,
  title={{Kalman} Filtering: Theory and Practice with {MATLAB}},
  author={Grewal, Mohinder S and Andrews, Angus P},
  year={2014},
  publisher={John Wiley \& Sons}
}

@book{aki1980quantitative,
  title={Quantitative Seismology},
  author={Aki, Keiiti and Richards, Paul G},
  publisher={W.H. Freeman and Co.},
  address = {San Francisco},
  year={1980}
}

@book{stein2009introduction,
  title={An Introduction to Seismology, Earthquakes, and Earth Structure},
  author={Stein, Seth and Wysession, Michael},
  year={2009},
  publisher={John Wiley \& Sons}
}

@inproceedings{boyen1998tractable,
  title={Tractable inference for complex stochastic processes},
  author={Boyen, Xavier and Koller, Daphne},
  booktitle={Proceedings of Uncertainty in Artificial Intelligence (UAI)},
  pages={33--42},
  year={1998},
}

@book{maybeck1982stochastic,
  title={Stochastic models, estimation, and control},
  author={Maybeck, Peter S},
  chapter={12.7},
  year={1982},
  publisher={Academic Press}
}
