

@book{mackay2003information,
  title={Information Theory, Inference and Learning Algorithms},
  author={MacKay, David JC},
  year={2003},
  publisher={Cambridge university press}
}


@inproceedings{minka2001expectation,
  title={Expectation Propagation for Approximate {Bayesian} Inference},
  author={Minka, Thomas P},
  booktitle={Proceedings of Uncertainty in Artificial Intelligence (UAI)},
  pages={362--369},
  year={2001},
  organization={Morgan Kaufmann Publishers Inc.}
}


@book{bishop2006pattern,
  title={Pattern Recognition and Machine Learning},
  author={Bishop, Christopher M},
  year={2006}
}

@inproceedings{salakhutdinov2008bayesian,
  title={Bayesian probabilistic matrix factorization using Markov chain Monte Carlo},
  author={Salakhutdinov, Ruslan and Mnih, Andriy},
  booktitle={Proceedings of the 25th international conference on Machine learning},
  pages={880--887},
  year={2008},
  organization={ACM}
}

@inproceedings{nakajima2010implicit,
  title={Implicit regularization in variational Bayesian matrix factorization},
  author={Nakajima, Shinichi and Sugiyama, Masashi},
  booktitle={Proceedings of the 27th International Conference on Machine Learning (ICML-10)},
  pages={815--822},
  year={2010}
}


@article{nakajima2013global,
  title={Global analytic solution of fully-observed variational Bayesian matrix factorization},
  author={Nakajima, Shinichi and Sugiyama, Masashi and Babacan, S Derin and Tomioka, Ryota},
  journal={Journal of Machine Learning Research},
  volume={14},
  number={Jan},
  pages={1--37},
  year={2013}
}


@inproceedings{lim2007variational,
  title={Variational Bayesian approach to movie rating prediction},
  author={Lim, Yew Jin and Teh, Yee Whye},
  booktitle={Proceedings of KDD Cup and workshop},
  volume={7},
  pages={15--21},
  year={2007},
}

@inproceedings{stern2009matchbox,
  title={Matchbox: large scale online bayesian recommendations},
  author={Stern, David H and Herbrich, Ralf and Graepel, Thore},
  booktitle={Proceedings of the 18th international conference on World wide web},
  pages={111--120},
  year={2009},
  organization={ACM}
}

@article{burda2015importance,
  title={Importance weighted autoencoders},
  author={Burda, Yuri and Grosse, Roger and Salakhutdinov, Ruslan},
  journal={arXiv preprint arXiv:1509.00519},
  year={2015}
}

@article{kingma2013auto,
  title={Auto-encoding variational bayes},
  author={Kingma, Diederik P and Welling, Max},
  journal={arXiv preprint arXiv:1312.6114},
  year={2013}
}

@article{kucukelbir2016automatic,
  title={Automatic Differentiation Variational Inference},
  author={Kucukelbir, Alp and Tran, Dustin and Ranganath, Rajesh and Gelman, Andrew and Blei, David M},
  journal={arXiv preprint arXiv:1603.00788},
  year={2016}
}

@article{nishihara2013detecting,
  title={Detecting Parameter Symmetries in Probabilistic Models},
  author={Nishihara, Robert and Minka, Thomas and Tarlow, Daniel},
  journal={arXiv preprint arXiv:1312.5386},
  year={2013}
}

@misc{neal1999erroneous,
  title={Erroneous Results in ``Marginal Likelihood from the Gibbs Output''},
  author={Neal, Radford M},
  note={University of Toronto},
  year={1999},
  howpublished={\url{http://www.cs.utoronto.ca/~radford/chib-letter.html}}
}

@article{celeux2000computational,
  title={Computational and inferential difficulties with mixture posterior distributions},
  author={Celeux, Gilles and Hurn, Merrilee and Robert, Christian P},
  journal={Journal of the American Statistical Association},
  volume={95},
  number={451},
  pages={957--970},
  year={2000},
  publisher={Taylor \& Francis Group}
}

@misc{mackay2001local,
  title={Local minima, symmetry-breaking, and model pruning in variational free energy minimization},
  author={MacKay, David JC},
  note={Inference Group, Cavendish Laboratory, Cambridge, UK},
  howpublished={\url{http://www.inference.phy.cam.ac.uk/mackay/minima.pdf}},
  year={2001}
}

@inproceedings{rezende2015variational,
  title={Variational Inference with Normalizing Flows},
  author={Rezende, Danilo and Mohamed, Shakir},
  booktitle={Proceedings of the 32nd International Conference on Machine Learning (ICML-15)},
  pages={1530--1538},
  year={2015}
}

@inproceedings{tran2016variational,
  title={The variational Gaussian process},
  author={Tran, Dustin and Ranganath, Rajesh and Blei, David M},
  journal={arXiv preprint arXiv:1511.06499},
  booktitle={International Conference on Learning Representations (ICLR)},
  year={2016}
}

@inproceedings{salimans2015markov,
  title={Markov chain Monte Carlo and variational inference: Bridging the gap},
  author={Salimans, Tim and Kingma, Diederik P and Welling, Max and others},
  booktitle={International Conference on Machine Learning},
  pages={1218--1226},
  year={2015}
}

@misc{dinh2014cifar,
   title={Training neural bayesian nets},
   author={Laurent Dinh and Vincent Dumoulin},
   howpublished = {\url{http://www.iro.umontreal.ca/~bengioy/cifar/NCAP2014-summerschool/slides/Laurent_dinh_cifar_presentation.pdf}},
   year=2014,
   note = {CIFAR NCAP summer school presentation},
   }


@book{muirhead1982aspects,
  title={Aspects of multivariate statistical theory},
  author={Muirhead, Robb J},
  year={1982},
  publisher={John Wiley \& Sons}
}

@article{butler2003laplace,
  title={Laplace approximation for Bessel functions of matrix argument},
  author={Butler, Ronald W and Wood, Andrew TA},
  journal={Journal of Computational and Applied Mathematics},
  volume={155},
  number={2},
  pages={359--382},
  year={2003},
}

@article{herz1955bessel,
  title={Bessel functions of matrix argument},
  author={Herz, Carl S},
  journal={Annals of Mathematics},
  pages={474--523},
  year={1955},
}

