@inproceedings{shen2006,
  title={Fast {G}aussian process regression using kd-trees},
  author={Shen, Yirong and Ng, Andrew and Seeger, Matthias},
  booktitle={Advances in Neural Information Processing Systems (NIPS)},
  volume={18},
  pages={1225},
  year={2006},
}

@book{rasmussen2006,
  title={Gaussian Processes for Machine Learning},
  author={Rasmussen, Carl and Williams, Chris},
  year={2006},
  publisher={MIT Press}
}

@inproceedings{vanhatalo2008,
  title={Modelling local and global phenomena with sparse {G}aussian processes},
  author={Vanhatalo, Jarno and Vehtari, Aki},
  year={2008},
  booktitle={Proceedings of Uncertainty in Artificial Intelligence (UAI)}
}


@inproceedings{beygelzimer2006,
  title={Cover trees for nearest neighbor},
  author={Beygelzimer, Alina and Kakade, Sham and Langford, John},
  booktitle={Proceedings of the 23rd International Conference on Machine Learning (ICML)},
  pages={97--104},
  year={2006},
}

@inproceedings{murray2009,
  title={Gaussian processes and fast matrix-vector multiplies},
  author={Murray, Iain},
  year={2009},
  booktitle={Numerical Mathematics in Machine Learning workshop at the 26th International Conference on Machine Learning (ICML 2009)}
}

@inproceedings{gray2001,
  title={N-Body problems in statistical learning},
  author={Gray, Alexander G and Moore, Andrew W},
  booktitle={Advances in Neural Information Processing Systems (NIPS)},
  pages={521--527},
  year={2001},
}

@techreport{gray2004,
  title={Fast kernel matrix-vector multiplication with application to {G}aussian process learning},
  author={Gray, Alexander},
  number={CMU-CS-04-110},
  institution={School of Computer Science, Carnegie Mellon University},
  year={2004}
}

@article{friedman1977,
  title={An algorithm for finding best matches in logarithmic expected time},
  author={Friedman, Jerome H and Bentley, Jon Louis and Finkel, Raphael Ari},
  journal={ACM Transactions on Mathematical Software (TOMS)},
  volume={3},
  number={3},
  pages={209--226},
  year={1977},
  publisher={ACM}
}

@article{uhlmann1991,
title = "Satisfying general proximity / similarity queries with metric trees ",
journal = "Information Processing Letters ",
volume = "40",
number = "4",
pages = "175 - 179",
year = "1991",
note = "",
issn = "0020-0190",
doi = "10.1016/0020-0190(91)90074-R",
author = "Jeffrey K. Uhlmann",
}

@article{genton2002,
  title={Classes of kernels for machine learning: a statistics perspective},
  author={Genton, Marc G},
  journal={The Journal of Machine Learning Research (JMLR)},
  volume={2},
  pages={299--312},
  year={2002},
  publisher={JMLR. org}
}

@article{gneiting2002,
  title={Compactly supported correlation functions},
  author={Gneiting, Tilmann},
  journal={Journal of Multivariate Analysis},
  volume={83},
  number={2},
  pages={493--508},
  year={2002},
  publisher={Elsevier}
}

@inproceedings{arora2010,
  title={Global seismic monitoring as probabilistic inference},
  author={Arora, Nimar S and Russell, Stuart and Kidwell, Paul and Sudderth, Erik},
  booktitle={Advances in Neural Information Processing Systems (NIPS)},
  volume={23},
  pages={73--81},
  year={2010}
}

@inproceedings{vedaldi2010,
  title={Efficient additive kernels via explicit feature maps},
  author={Vedaldi, Andrea and Zisserman, Andrew},
  booktitle={Computer Vision and Pattern Recognition (CVPR), 2010 IEEE Conference on},
  pages={3539--3546},
  year={2010},
}

@article{rahimi2007,
  title={Random features for large-scale kernel machines},
  author={Rahimi, Ali and Recht, Benjamin},
  journal={Advances in Neural Information Processing Systems (NIPS)},
  volume={20},
  pages={1177--1184},
  year={2007}
}

@inproceedings{moore1997,
  title={Efficient locally weighted polynomial regression predictions},
  author={Moore, Andrew W and Schneider, Je and Deng, Kan},
  booktitle={Proceedings of the 14th International Conference on Machine Learning (ICML)},
  year={1997},
}

@article{bank1993,
  title={Sparse matrix multiplication package ({S}{M}{M}{P})},
  author={Bank, Randolph E and Douglas, Craig C},
  journal={Advances in Computational Mathematics},
  volume={1},
  number={1},
  pages={127--137},
  year={1993},
}

@article{morariu2008,
  title={Automatic online tuning for fast {G}aussian summation},
  author={Morariu, V and Srinivasan, Balaji V and Raykar, Vikas C and Duraiswami, Ramani and Davis, L},
  journal={Advances in Neural Information Processing Systems (NIPS)},
  volume={21},
  pages={1113--1120},
  year={2008}
}

@inproceedings{williams2001,
  title={Using the {N}ystr{\"o}m method to speed up kernel machines},
  author={Williams, Christopher and Seeger, Matthias},
  booktitle={Advances in Neural Information Processing Systems (NIPS)},
  year={2001},
}

@article{chalupka2012,
  title={A Framework for Evaluating Approximation Methods for {G}aussian Process Regression},
  author={Chalupka, Krzysztof and Williams, Christopher KI and Murray, Iain},
  journal={The Journal of Machine Learning Research (JMLR)},
  year={2013},
  volume={14},
  pages={333--350},
}

@article{quinonero2005,
  title={A unifying view of sparse approximate {G}aussian process regression},
  author={Qui{\~n}onero-Candela, Joaquin and Rasmussen, Carl Edward},
  journal={The Journal of Machine Learning Research (JMLR)},
  volume={6},
  pages={1939--1959},
  year={2005},
}

@inproceedings{seeger2003,
  title={Fast forward selection to speed up sparse {G}aussian process regression},
  author={Seeger, Matthias and Williams, Christopher KI and Lawrence, Neil D},
  booktitle={Artificial Intelligence and Statistics (AISTATS)},
  volume={9},
  year={2003}
}

@inproceedings{snelson2006,
  title={Sparse {G}aussian processes using pseudo-inputs},
  author={Snelson, Edward and Ghahramani, Zoubin},
  booktitle={Advances in Neural Information Processing Systems (NIPS)},
  year={2006}
}

@inproceedings{snelson2007,
  title={Local and global sparse {G}aussian process approximations},
  author={Snelson, Edward and Ghahramani, Zoubin},
  booktitle={Artificial Intelligence and Statistics (AISTATS)},
  volume={11},
  year={2007},
}

@article{csato2002,
  title={Sparse online {G}aussian processes},
  author={Csat{\'o}, Lehel and Opper, Manfred},
  journal={Neural Computation},
  volume={14},
  number={3},
  pages={641--668},
  year={2002},
  publisher={MIT Press}
}

@article{andoni2008,
  title={Near-optimal hashing algorithms for approximate nearest neighbor in high dimensions},
  author={Andoni, Alexandr and Indyk, Piotr},
  journal={Communications of the ACM},
  volume={51},
  number={1},
  pages={117--122},
  year={2008}
}

@article{park2011domain,
  title={Domain decomposition approach for fast {G}aussian process regression of large spatial data sets},
  author={Park, Chiwoo and Huang, Jianhua Z and Ding, Yu},
  journal={The Journal of Machine Learning Research (JMLR)},
  volume={12},
  pages={1697--1728},
  year={2011},
  publisher={JMLR. org}
}

@article{kennett1991traveltimes,
  title={Traveltimes for global earthquake location and phase identification},
  author={Kennett, BL N\_ and Engdahl, ER},
  journal={Geophysical Journal International},
  volume={105},
  number={2},
  pages={429--465},
  year={1991},
  publisher={Wiley Online Library}
}

@article{bickel_approximating_2012,
	title = {Approximating the inverse of banded matrices by banded matrices with applications to probability and statistics},
	volume = {56},
	url = {http://arxiv.org/abs/1002.4545},
	abstract = {In the first part of this paper we give an elementary proof of the fact that if an infinite matrix {\$A\$}, which is invertible as a bounded operator on \${\textbackslash}ell{\textasciicircum}2\$, can be uniformly approximated by banded matrices then so can the inverse of {\$A\$.} We give explicit formulas for the banded approximations of {\$A{\textasciicircum}\{-1\}\$} as well as bounds on their accuracy and speed of convergence in terms of their band-width. In the second part we apply these results to covariance matrices \${\textbackslash}Sigma\$ of Gaussian processes and study mixing and beta mixing of processes in terms of properties of \${\textbackslash}Sigma\$. Finally, we note some applications of our results to statistics.},
	journal = {{SIAM} Journal on Probability Theory and Applications},
	author = {Bickel, Peter J. and Lindner, Marko},
	year = {2012},
	keywords = {{47B36}, {47L10}, {62H25}, {62M10}, {62M20}, {60G15}, Mathematics - Functional Analysis, Mathematics - Statistics Theory},
	pages = {1--20},
	file = {1002.4545 PDF:/Users/dmoore/Library/Application Support/Zotero/Profiles/zw1wga3k.default/zotero/storage/PTNT2NGD/Bickel and Lindner - 2010 - Approximating the inverse of banded matrices by ba.pdf:application/pdf;arXiv.org Snapshot:/Users/dmoore/Library/Application Support/Zotero/Profiles/zw1wga3k.default/zotero/storage/NF8TZEXA/1002.html:text/html}
}

@inproceedings{schwaighofer2002transductive,
  title={Transductive and inductive methods for approximate {G}aussian process regression},
  author={Schwaighofer, Anton and Tresp, Volker},
  booktitle={Advances in Neural Information Processing Systems (NIPS)},
  pages={953--960},
  year={2002}
}

@article{paciorek2004nonstationary,
  title={Nonstationary covariance functions for Gaussian process regression},
  author={Paciorek, C and Schervish, M},
  journal={Advances in Neural Information Processing Systems (NIPS)},
  volume={16},
  pages={273--280},
  year={2004}
}

@article{tresp2000bayesian,
  title={A {B}ayesian committee machine},
  author={Tresp, Volker},
  journal={Neural Computation},
  volume={12},
  number={11},
  pages={2719--2741},
  year={2000},
  publisher={MIT Press}
}


@inproceedings{deisenroth2015distributed,
  title={Distributed {G}aussian {P}rocesses},
  author={Deisenroth, Marc Peter and Ng, Jun Wei},
  booktitle={Proceedings of International Conference on Machine Learning (ICML)},
  year={2015}
}

@article{yedidia2001bethe,
  title={Bethe free energy, {K}ikuchi approximations, and belief propagation algorithms},
  author={Yedidia, Jonathan S and Freeman, William T and Weiss, Yair},
  journal={Advances in Neural Information Processing Systems (NIPS)},
  volume={13},
  year={2001}
}

@inproceedings{zhong2010gaussian,
  title={Gaussian {P}rocess {L}atent {R}andom {F}ield.},
  author={Zhong, Guoqiang and Li, Wu-Jun and Yeung, Dit-Yan and Hou, Xinwen and Liu, Cheng-Lin},
  booktitle={Association for Advancement of Artificial Intelligence (AAAI)},
  year={2010}
}


@inproceedings{lawrence2007learning,
  title={Learning for larger datasets with the {G}aussian process latent variable model},
  author={Lawrence, Neil D},
  booktitle={International Conference on Artificial Intelligence and Statistics (AISTATS)},
  year={2007}
}

@article{kim2005analyzing,
  title={Analyzing nonstationary spatial data using piecewise {G}aussian processes},
  author={Kim, Hyoung-Moon and Mallick, Bani K and Holmes, CC},
  journal={Journal of the American Statistical Association},
  volume={100},
  number={470},
  pages={653--668},
  year={2005},
  publisher={Taylor \& Francis}
}

@article{gramacy2008bayesian,
  title={Bayesian treed {G}aussian process models with an application to computer modeling},
  author={Gramacy, Robert B and Lee, Herbert KH},
  journal={Journal of the American Statistical Association},
  volume={103},
  number={483},
  year={2008}
}

@inproceedings{bui2014tree,
  title={Tree-structured Gaussian Process Approximations},
  author={Bui, Thang D and Turner, Richard E},
  booktitle={Advances in Neural Information Processing Systems (NIPS)},
  pages={2213--2221},
  year={2014}
}

@book{koller2009probabilistic,
  title={Probabilistic graphical models: principles and techniques},
  author={Koller, Daphne and Friedman, Nir},
  year={2009},
  publisher={MIT press}
}

@article{lawrence2004gaussian,
  title={Gaussian process latent variable models for visualisation of high dimensional data},
  author={Lawrence, Neil D},
  journal={Advances in Neural Information Processing Systems (NIPS)},
  volume={16},
  number={3},
  pages={329--336},
  year={2004},
  publisher={of}
}

@article{nguyen2009model,
  title={Model learning with local {G}aussian process regression},
  author={Nguyen-Tuong, Duy and Seeger, Matthias and Peters, Jan},
  journal={Advanced Robotics},
  volume={23},
  number={15},
  pages={2015--2034},
  year={2009},
  publisher={Taylor \& Francis}
}

@article{zhao2011human,
  title={Human motion tracking by temporal-spatial local {G}aussian process experts},
  author={Zhao, Xu and Fu, Yun and Liu, Yuncai},
  journal={IEEE Transactions on Image Processing},
  volume={20},
  number={4},
  pages={1141--1151},
  year={2011},
  publisher={IEEE}
}

@inproceedings{titsias2009variational,
  title={Variational learning of inducing variables in sparse {G}aussian processes},
  author={Titsias, Michalis K},
  booktitle={International Conference on Artificial Intelligence and Statistics (AISTATS)},
  year={2009}
}

@inproceedings{titsias2010bayesian,
  title={Bayesian {G}aussian {P}rocess {L}atent {V}ariable {M}odel},
  author={Titsias, Michalis K and Lawrence, Neil D},
  booktitle={International Conference on Artificial Intelligence and Statistics (AISTATS)},
  year={2010}
}

@article{damianou2014,
Author = {Andreas C. Damianou and Michalis K. Titsias and Neil D. Lawrence},
Title = {Variational {I}nference for {L}atent {V}ariables and {U}ncertain {I}nputs in {G}aussian {P}rocesses},
Year = 2015,
journal={The Journal of Machine Learning Research (JMLR)},
}

@inproceedings{murphy1999loopy,
  title={Loopy belief propagation for approximate inference: An empirical study},
  author={Murphy, Kevin P and Weiss, Yair and Jordan, Michael I},
  booktitle={Uncertainty in Artificial Intelligence (UAI)},
  pages={467--475},
  year=1999,
}

@article{besag1975statistical,
  title={Statistical analysis of non-lattice data},
  author={Besag, Julian},
  journal={The statistician},
  pages={179--195},
  year={1975},
  publisher={JSTOR}
}


 @MANUAL{ISCcitation2015,
  AUTHOR = "{International Seismological Centre}",
  TITLE = "On-line Bulletin",
  ORGANIZATION = "Int. Seis. Cent.",
  NOTE = "http://www.isc.ac.uk",
  ADDRESS = "Thatcham, United Kingdom",
  YEAR = 2015
} 

@inproceedings{gal2014distributed,
  title={Distributed variational inference in sparse {G}aussian process regression and latent variable models},
  author={Gal, Yarin and van der Wilk, Mark and Rasmussen, Carl},
  booktitle={Advances in Neural Information Processing Systems (NIPS)},
  year={2014}
}

@inproceedings{nguyen2014fast,
  title={Fast allocation of {G}aussian process experts},
  author={Nguyen, Trung and Bonilla, Edwin},
  booktitle={Proceedings of the 31st International Conference on Machine Learning (ICML)},
  pages={145--153},
  year={2014}
}

@inproceedings{hensman2013gaussian,
  title={Gaussian Processes for Big Data},
  author={Hensman, James and Fusi, Nicolo and Lawrence, Neil D},
  booktitle={Uncertainty in Artificial Intelligence (UAI)},
  pages={282},
  year={2013},
}

@article{rasmussen2002infinite,
  title={Infinite mixtures of {G}aussian process experts},
  author={Rasmussen, Carl Edward and Ghahramani, Zoubin},
  journal={Advances in Neural Information Processing Systems (NIPS)},
  volume={2},
  pages={881--888},
  year={2002},
  publisher={MIT; 1998}
}

@inproceedings{ferris2007wifi,
  title={{WiFi-SLAM} Using {G}aussian Process Latent Variable Models.},
  author={Ferris, Brian and Fox, Dieter and Lawrence, Neil D},
  booktitle={International Joint Conference on Artificial Intelligence (IJCAI)},
  volume=7,
  pages={2480--2485},
  year=2007
}

@Misc{gpy2014,
  author =   {{The GPy authors}},
  title =    {{GPy}: A {G}aussian process framework in {P}ython},
  howpublished = {\url{http://github.com/SheffieldML/GPy}},
  year = {2012--2015}
}

@article{mcnames2001fast,
  title={A fast nearest-neighbor algorithm based on a principal axis search tree},
  author={McNames, James},
  journal={IEEE Transactions on Pattern Analysis and Machine Intelligence (PAMI)},
  volume=23,
  number=9,
  pages={964--976},
  year=2001,
  publisher={IEEE}
}
